<?xml version="1.0" encoding="UTF-8"?><record xmlns="http://www.loc.gov/MARC21/slim" xmlns:cinclude="http://apache.org/cocoon/include/1.0" xmlns:zs="http://www.loc.gov/zing/srw/">
  <leader>00445nz  a2200133n  4500</leader>
  <controlfield tag="001">no2009129420</controlfield>
  <controlfield tag="003">DLC</controlfield>
  <controlfield tag="005">20090821075530.0</controlfield>
  <controlfield tag="008">090819n| acannaabn          |n aaa     c</controlfield>
  <datafield tag="010" ind1=" " ind2=" ">
    <subfield code="a">no2009129420</subfield>
  </datafield>
  <datafield tag="035" ind1=" " ind2=" ">
    <subfield code="a">(OCoLC)oca08209097</subfield>
  </datafield>
  <datafield tag="040" ind1=" " ind2=" ">
    <subfield code="a">MiFliG</subfield>
    <subfield code="b">eng</subfield>
    <subfield code="c">MiFliG</subfield>
  </datafield>
  <datafield tag="100" ind1="1" ind2=" ">
    <subfield code="a">Sitton, Kevin J.</subfield>
  </datafield>
  <datafield tag="670" ind1=" " ind2=" ">
    <subfield code="a">Master model scribing robot cell, 1987:</subfield>
    <subfield code="b">cover (Kevin J. Sitton, Engineer, Manufacturing Systems, McDonnell Aircraft Company, St. Louis, Missouri)</subfield>
  </datafield>
</record>